<?xml version="1.0" encoding="UTF-8"?><collection xmlns="http://www.loc.gov/MARC21/slim"><record><leader>00393nam--2200133-i-4500</leader><controlfield tag="001">000040369</controlfield><controlfield tag="002">20161230</controlfield><controlfield tag="005">20161230201042</controlfield><controlfield tag="008">060222s1000------------r-----000-0-eng-d</controlfield><datafield ind1=" " ind2=" " tag="080"><subfield code="a">621.954.002.72.004</subfield></datafield><datafield ind1=" " ind2=" " tag="100"><subfield code="a">Savanev,A.P. Si Zaidenberg,N.M</subfield></datafield><datafield ind1=" " ind2=" " tag="245"><subfield code="a">Montarea, exploatarea si repararea masinilor de alezat si gaurit prin coordonate</subfield></datafield><datafield ind1=" " ind2=" " tag="260"><subfield code="a">Bucuresti, Idt, 1951. 85 P</subfield></datafield><datafield ind1=" " ind2=" " tag="852"><subfield code="a">26754</subfield></datafield></record></collection>